<record><leader>00000cas a22000007a 4500</leader><controlfield tag="001">22271686</controlfield><controlfield tag="008">900824d19141947nyuwr ne      0    0eng d</controlfield><datafield ind1=" " ind2=" " tag="010"><subfield code="a">sn 90066307 </subfield></datafield><datafield ind1=" " ind2=" " tag="040"><subfield code="a">NYS</subfield><subfield code="b">eng</subfield><subfield code="c">NYS</subfield><subfield code="d">OCLCQ</subfield></datafield><datafield ind1=" " ind2=" " tag="042"><subfield code="a">msc</subfield></datafield><datafield ind1="0" ind2="4" tag="245"><subfield code="a">The White Lake times.</subfield></datafield><datafield ind1=" " ind2=" " tag="260"><subfield code="a">North White Lake, N.Y. :</subfield><subfield code="b">W.H. LaPolt</subfield></datafield><datafield ind1=" " ind2=" " tag="300"><subfield code="a">v.</subfield></datafield><datafield ind1=" " ind2=" " tag="310"><subfield code="a">Weekly</subfield></datafield><datafield ind1="1" ind2=" " tag="362"><subfield code="a">Began in Nov. 1914? Ceased in Apr. 1947?</subfield></datafield><datafield ind1=" " ind2=" " tag="500"><subfield code="a">Publisher: Delaware Publications, &lt;June 8, 1945&gt;.</subfield></datafield><datafield ind1=" " ind2=" " tag="500"><subfield code="a">Later published at: Kauneonga Lake, also known as White Lake.</subfield></datafield><datafield ind1=" " ind2=" " tag="588"><subfield code="a">Description based on: Vol. 9, no. 30 (June 8, 1923).</subfield></datafield><datafield ind1=" " ind2="4" tag="651"><subfield code="a">North White Lake (N.Y.)</subfield><subfield code="v">Newspapers.</subfield></datafield><datafield ind1=" " ind2="4" tag="651"><subfield code="a">Kauneonga Lake (N.Y.)</subfield><subfield code="v">Newspapers.</subfield></datafield><datafield ind1=" " ind2="4" tag="651"><subfield code="a">White Lake (N.Y.)</subfield><subfield code="v">Newspapers.</subfield></datafield><datafield ind1=" " ind2=" " tag="752"><subfield code="a">United States</subfield><subfield code="b">New York</subfield><subfield code="c">Sullivan</subfield><subfield code="d">North White Lake.</subfield></datafield><datafield ind1=" " ind2=" " tag="752"><subfield code="a">United States</subfield><subfield code="b">New York</subfield><subfield code="c">Sullivan</subfield><subfield code="d">Kauneonga Lake.</subfield></datafield><datafield ind1=" " ind2=" " tag="752"><subfield code="a">United States</subfield><subfield code="b">New York</subfield><subfield code="c">Sullivan</subfield><subfield code="d">White Lake.</subfield></datafield><datafield ind1="0" ind2="7" tag="785"><subfield code="t">Delaware Valley news (Narrowsburg, N.Y.)</subfield><subfield code="w">(DLC)sn 90066280</subfield><subfield code="w">(OCoLC)22271664</subfield></datafield><datafield ind1="0" ind2="7" tag="785"><subfield code="t">News-times (Narrowsburg, N.Y.)</subfield><subfield code="w">(DLC)sn 87080499</subfield><subfield code="w">(OCoLC)16412608</subfield></datafield><datafield ind1="1" ind2=" " tag="029"><subfield code="a">AU@</subfield><subfield code="b">000025865760</subfield></datafield></record>